
@misc{article:simonis,
    author    = "Helmut Simonis",
    title     = "Sudoku as a constraint problem",
    howpublished   = "In \textit{CP Workshop on Modeling and Reformulating Con-
straint Satisfaction Problems}",
    year   = "2005",
}

@article{article:laburthe,
    author    = "F. Laburthe, G. Rochart, N. Jussien",
    title     = "{\'Evaluer la difficult\'e d'une grille de Sudoku \`a l'aide d'un mod\`ele contraintes}",
    journal   = "Proceedings of JFPC'06, p. 239-248",
    year   = "2006",
}

@article{article:mcguire,
  title={There is no 16-Clue Sudoku: Solving the Sudoku Minimum Number of Clues Problem},
  author={Gary McGuire and Bastian Tugemann and Gilles Civario},
  journal={Experimental Mathematics},
  year={2012},
  volume={23},
  pages={190-217}
}

@article{article:natural,
    author    = "T. Pay and J. L. Cox",
    title     = "Encodings, consistency algorithms and dynamic variable-value ordering heuris- tics for multiple permutation problems",
    journal   = "International Journal of Artificial Intelligence, 15(1):33-54",
    year   = "2017",
}

@inproceedings{article:sat,
  title={{Sudoku as a SAT Problem}},
  author={In{\^e}s Lynce and Jo{\"e}l Ouaknine},
  booktitle={ISAIM},
  year={2006}
}

@book{book:rossi,
    author    = "F. Rossi, P. Van Beek, T. Walsh",
    title     = "Handbook of constraint programming",
    year   = "2006",
}

@article{article:channeling,
  title={Dual Modelling of Permutation and Injection Problems},
  author={Brahim Hnich and Toby Walsh and Barbara M. Smith},
  journal={J. Artif. Intell. Res.},
  year={2004},
  volume={21},
  pages={357-391}
}

@inproceedings{article:quasi,
  title={Redundant Modeling for the QuasiGroup Completion Problem},
  author={Iv{\'a}n Dot{\'u} and Alvaro del Val and Manuel Cebri{\'a}n},
  booktitle={CP},
  year={2003}
}

@article{article:demoen,
  title={Redundant Sudoku Rules},
  author={Bart Demoen and Maria Garcia de la Banda},
  journal={TPLP},
  year={2014},
  volume={14},
  pages={363-377}
}

@inproceedings{article:puget,
author = {Puget, Jean-Francois},
year = {1998},
month = {01},
pages = {359-366},
title = {A Fast Algorithm for the Bound Consistency of alldiff Constraints.}
}
